<record><leader>00000cas a2200000 a 4500</leader><controlfield tag="001">10541658</controlfield><controlfield tag="008">840320d18871896ksuwr ne      0   a0eng d</controlfield><datafield ind1=" " ind2=" " tag="010"><subfield code="a">sn 83040624 </subfield></datafield><datafield ind1=" " ind2=" " tag="040"><subfield code="a">KSH</subfield><subfield code="b">eng</subfield><subfield code="c">KSH</subfield><subfield code="d">NPT</subfield><subfield code="d">OCL</subfield><subfield code="d">OCLCQ</subfield></datafield><datafield ind1=" " ind2=" " tag="042"><subfield code="a">msc</subfield></datafield><datafield ind1=" " ind2=" " tag="043"><subfield code="a">n-us-ks</subfield></datafield><datafield ind1="0" ind2="4" tag="245"><subfield code="a">The Columbus star courier.</subfield></datafield><datafield ind1=" " ind2=" " tag="260"><subfield code="a">Columbus, Kan. :</subfield><subfield code="b">James Wilson,</subfield><subfield code="c">1887-1896.</subfield></datafield><datafield ind1=" " ind2=" " tag="300"><subfield code="a">9 v. :</subfield><subfield code="b">ill. ;</subfield><subfield code="c">51 cm.</subfield></datafield><datafield ind1=" " ind2=" " tag="310"><subfield code="a">Weekly</subfield></datafield><datafield ind1="0" ind2=" " tag="362"><subfield code="a">Vol. 13, no. 28 (Apr. 14, 1887)-v. 22, no. 41 (July 9, 1896).</subfield></datafield><datafield ind1=" " ind2=" " tag="530"><subfield code="a">Available on microfilm from Micro Photo.</subfield></datafield><datafield ind1=" " ind2=" " tag="752"><subfield code="a">United States</subfield><subfield code="b">Kansas</subfield><subfield code="c">Cherokee</subfield><subfield code="d">Columbus.</subfield></datafield><datafield ind1="0" ind2="0" tag="780"><subfield code="t">Star and courier</subfield><subfield code="w">(DLC)sn 83040623</subfield></datafield><datafield ind1="0" ind2="0" tag="785"><subfield code="t">Columbus courier (Columbus, Kan. : 1896)</subfield><subfield code="w">(DLC)sn 83040625</subfield></datafield></record>